@article{howison,
	title = {Measurement error and variant-calling in deep {Illumina} sequencing of {HIV}},
	volume = {35},
	url = {https://academic.oup.com/bioinformatics/article/35/12/2029/5165375},
	doi = {10.1093/bioinformatics/bty919},
	number = {12},
	urldate = {2019-08-06},
	journal = {Bioinformatics},
	author = {Howison, Mark and Coetzer, Mia and Kantor, Rami},
	month = jun,
	year = {2019},
	pages = {2029--2035}
}

@article{fauci,
	title = {Ending the {HIV} {Epidemic}: {A} {Plan} for the {United} {States}},
	volume = {321},
	url = {http://jama.jamanetwork.com/article.aspx?doi=10.1001/jama.2019.1343},
	doi = {10.1001/jama.2019.1343},
	number = {9},
	urldate = {2019-12-04},
	journal = {JAMA},
	author = {Fauci, Anthony S. and Redfield, Robert R. and Sigounas, George and Weahkee, Michael D. and Giroir, Brett P.},
	month = mar,
	year = {2019},
	pages = {844}
}

@article{hue,
	title = {{HIV}-1 pol gene variation is sufficient for reconstruction of transmissions in the era of antiretroviral therapy},
	volume = {18},
	url = {http://journals.lww.com/aidsonline/Abstract/2004/03260/HIV_1_pol_gene_variation_is_sufficient_for.2.aspx},
	number = {5},
	urldate = {2017-05-25},
	journal = {AIDS},
	author = {Hué, Stéphane and Clewley, Jonathan P. and Cane, Patricia A. and Pillay, Deenan},
	year = {2004},
	pages = {719--728}
}

@article{sturmer,
	title = {Phylogenetic analysis of {HIV}-1 transmission:  pol gene sequences are insufficient to clarify true relationships between patient isolates},
	volume = {18},
	url = {https://journals.lww.com/aidsonline/Fulltext/2004/11050/Phylogenetic_analysis_of_HIV_1_transmission___pol.2.aspx},
	doi = {10.1097/00002030-200411050-00002},
	number = {16},
	journal = {AIDS},
	author = {Stürmer, Martin and Preiser, Wolfgang and Gute, Peter and Nisius, Gaby and Doerr, Hans W.},
	year = {2004},
	keywords = {C2V3 region, HIV-1 transmission, phylogenetic analysis, PR/RT region},
	pages = {2109--2113}
}

@article{yebra,
	title = {Using nearly full-genome {HIV} sequence data improves phylogeny reconstruction in a simulated epidemic},
	volume = {6},
	issn = {2045-2322},
	url = {https://doi.org/10.1038/srep39489},
	doi = {10.1038/srep39489},
	number = {1},
	journal = {Scientific Reports},
	author = {Yebra, Gonzalo and Hodcroft, Emma B. and Ragonnet-Cronin, Manon L. and Pillay, Deenan and Brown, Andrew J. Leigh and Fraser, Christophe and Kellam, Paul and de Oliveira, Tulio and Dennis, Ann and Hoppe, Anne and Kityo, Cissy and Frampton, Dan and Ssemwanga, Deogratius and Tanser, Frank and Keshani, Jagoda and Lingappa, Jairam and Herbeck, Joshua and Wawer, Maria and Essex, Max and Cohen, Myron S. and Paton, Nicholas and Ratmann, Oliver and Kaleebu, Pontiano and Hayes, Richard and Fidler, Sarah and Quinn, Thomas and Novitsky, Vladimir and Haywards, Andrew and Nastouli, Eleni and Morris, Steven and Clark, Duncan and Kozlakidis, Zisis and {PANGEA\_HIV Consortium} and {ICONIC Project}},
	month = dec,
	year = {2016},
	pages = {39489}
}

@article{li,
	title = {An integrated map of {HIV} genome-wide variation from a population perspective},
	volume = {12},
	issn = {1742-4690},
	url = {https://retrovirology.biomedcentral.com/articles/10.1186/s12977-015-0148-6},
	doi = {10.1186/s12977-015-0148-6},
	language = {en},
	number = {1},
	urldate = {2019-11-07},
	journal = {Retrovirology},
	author = {Li, Guangdi and Piampongsant, Supinya and Faria, Nuno Rodrigues and Voet, Arnout and Pineda-Peña, Andrea-Clemencia and Khouri, Ricardo and Lemey, Philippe and Vandamme, Anne-Mieke and Theys, Kristof},
	month = dec,
	year = {2015},
	pages = {18}
}

@article{novitsky,
	title = {Importance of {Viral} {Sequence} {Length} and {Number} of {Variable} and {Informative} {Sites} in {Analysis} of {HIV} {Clustering}},
	volume = {31},
	issn = {0889-2229, 1931-8405},
	url = {http://online.liebertpub.com/doi/10.1089/aid.2014.0211},
	doi = {10.1089/aid.2014.0211},
	language = {en},
	number = {5},
	urldate = {2016-08-01},
	journal = {AIDS Research and Human Retroviruses},
	author = {Novitsky, Vlad and Moyo, Sikhulile and Lei, Quanhong and DeGruttola, Victor and Essex, M.},
	month = may,
	year = {2015},
	pages = {531--542}
}

@article{zanini,
	title = {Population genomics of intrapatient {HIV}-1 evolution},
	volume = {4},
	url = {https://elifesciences.org/content/4/e11282},
	urldate = {2017-02-28},
	journal = {eLife},
	author = {Zanini, Fabio and Brodin, Johanna and Thebo, Lina and Lanz, Christa and Bratt, Göran and Albert, Jan and Neher, Richard A.},
	year = {2015},
	pages = {e11282}
}

@article{guang,
	title = {An {Integrated} {Perspective} on {Phylogenetic} {Workflows}},
	volume = {31},
	issn = {0169-5347},
	url = {http://www.sciencedirect.com/science/article/pii/S0169534715003043},
	doi = {10.1016/j.tree.2015.12.007},
	number = {2},
	urldate = {2016-01-23},
	journal = {Trends in Ecology \& Evolution},
	author = {Guang, August and Zapata, Felipe and Howison, Mark and Lawrence, Charles E. and Dunn, Casey W.},
	month = feb,
	year = {2016},
	pages = {116--126}
}

@article{giardina,
	title = {Inference of {Transmission} {Network} {Structure} from {HIV} {Phylogenetic} {Trees}},
	volume = {13},
	issn = {1553-7358},
	url = {http://dx.plos.org/10.1371/journal.pcbi.1005316},
	doi = {10.1371/journal.pcbi.1005316},
	language = {en},
	number = {1},
	urldate = {2019-12-10},
	journal = {PLOS Computational Biology},
	author = {Giardina, Federica and Romero-Severson, Ethan Obie and Albert, Jan and Britton, Tom and Leitner, Thomas},
	month = jan,
	year = {2017},
	pages = {e1005316}
}

@article{romero-severson,
	title = {Timing and {Order} of {Transmission} {Events} {Is} {Not} {Directly} {Reflected} in a {Pathogen} {Phylogeny}},
	volume = {31},
	issn = {1537-1719, 0737-4038},
	url = {https://academic.oup.com/mbe/article-lookup/doi/10.1093/molbev/msu179},
	doi = {10.1093/molbev/msu179},
	language = {en},
	number = {9},
	urldate = {2019-12-10},
	journal = {Molecular Biology and Evolution},
	author = {Romero-Severson, Ethan and Skar, Helena and Bulla, Ingo and Albert, Jan and Leitner, Thomas},
	month = sep,
	year = {2014},
	pages = {2472--2482}
}

@article{leitner,
	title = {Accurate reconstruction of a known {HIV}-1 transmission history by phylogenetic tree analysis.},
	volume = {93},
	issn = {0027-8424, 1091-6490},
	url = {http://www.pnas.org/cgi/doi/10.1073/pnas.93.20.10864},
	doi = {10.1073/pnas.93.20.10864},
	language = {en},
	number = {20},
	urldate = {2019-12-10},
	journal = {Proceedings of the National Academy of Sciences},
	author = {Leitner, T. and Escanilla, D. and Franzen, C. and Uhlen, M. and Albert, J.},
	month = oct,
	year = {1996},
	pages = {10864--10869}
}

@article{eddy,
	title = {Accelerated {Profile} {HMM} {Searches}},
	volume = {7},
	url = {http://dx.doi.org/10.1371/journal.pcbi.1002195},
	doi = {10.1371/journal.pcbi.1002195},
	number = {10},
	urldate = {2013-09-25},
	journal = {PLOS Computational Biology},
	author = {Eddy, Sean R.},
	month = oct,
	year = {2011},
	pages = {e1002195}
}
